<?xml version="1.0" encoding="UTF-8"?><collection xmlns="http://www.loc.gov/MARC21/slim"><record><leader>00401nam--2200121-i-4500</leader><controlfield tag="001">000022455</controlfield><controlfield tag="002">20161230</controlfield><controlfield tag="005">20161230201034</controlfield><controlfield tag="008">060222s1000------------r-----000-0-eng-d</controlfield><datafield ind1=" " ind2=" " tag="100"><subfield code="a">Hedvall, J.Arvid</subfield></datafield><datafield ind1=" " ind2=" " tag="245"><subfield code="a">Chemie im dienst der archaologie bautechnik denkmalpflege. mit beitragen von gunnar degelius und hjalmar granholm</subfield></datafield><datafield ind1=" " ind2=" " tag="260"><subfield code="a">Goteborg, Akademiforlaget-gumperts, 1962, X + 226p</subfield></datafield><datafield ind1=" " ind2=" " tag="852"><subfield code="a">21773</subfield></datafield></record></collection>